@MISC{edn,
author = {SUZANNE DEFFREE},
title = {Einstein paper outlines mass-energy equivalence, November 21, 1905},
year = {2019},
howpublished={\url{https://www.edn.com/einstein-paper-outlines-mass-energy-equivalence-november-21-1905/}
}}
